<record><leader>00625cas a22001937  4500</leader><controlfield tag="001">005768428</controlfield><controlfield tag="003">MiAaHDL</controlfield><controlfield tag="005">20130813000000.0</controlfield><controlfield tag="006">m        d        </controlfield><controlfield tag="007">cr bn ---auaua</controlfield><controlfield tag="008">851207a                                 </controlfield><datafield tag="035" ind1=" " ind2=" "><subfield code="a">(MiU)005768428</subfield></datafield><datafield tag="035" ind1=" " ind2=" "><subfield code="a">sdr-wu1074963</subfield></datafield><datafield tag="040" ind1=" " ind2=" "><subfield code="a">ULS</subfield><subfield code="d">MiU</subfield></datafield><datafield tag="090" ind1=" " ind2=" "><subfield code="a">TK9204</subfield><subfield code="b">W5</subfield></datafield><datafield tag="245" ind1="0" ind2="0"><subfield code="a">Wisconsin fusion design memos.</subfield></datafield><datafield tag="260" ind1=" " ind2=" "><subfield code="a">[Madison, Wis.].</subfield></datafield><datafield tag="500" ind1=" " ind2=" "><subfield code="a">Each no. has also a distinctive title.</subfield></datafield><datafield tag="530" ind1=" " ind2=" "><subfield code="a">Also available in electronic format on the World Wide Web.</subfield></datafield><datafield tag="538" ind1=" " ind2=" "><subfield code="a">Mode of access: Internet.</subfield></datafield><datafield tag="710" ind1="2" ind2="0"><subfield code="a">Fusion Technology Institute.</subfield></datafield><datafield tag="710" ind1="2" ind2="0"><subfield code="a">University of Wisconsin--Madison.</subfield><subfield code="b">Dept. of Nuclear Engineering.</subfield></datafield><datafield tag="CID" ind1=" " ind2=" "><subfield code="a">005768428</subfield></datafield><datafield tag="COM" ind1=" " ind2=" "><subfield code="d">20100219</subfield><subfield code="m">The item description for this record was either added, corrected or otherwise altered while in the University of Michigan Aleph system.</subfield></datafield><datafield tag="DAT" ind1="0" ind2=" "><subfield code="a">20100219</subfield><subfield code="b">20130813000000.0</subfield></datafield><datafield tag="DAT" ind1="1" ind2=" "><subfield code="a">20130821155358.0</subfield><subfield code="b">2020-07-29T18:24:41Z</subfield></datafield><datafield tag="DAT" ind1="2" ind2=" "><subfield code="a">2020-07-29T17:30:01Z</subfield></datafield><datafield tag="CAT" ind1=" " ind2=" "><subfield code="a">SDR-MIU-UPD</subfield><subfield code="d">EX LIBRIS - ALEPH</subfield><subfield code="l">shadow.pl-001-001</subfield></datafield><datafield tag="FMT" ind1=" " ind2=" "><subfield code="a">SE</subfield></datafield><datafield tag="HOL" ind1=" " ind2=" "><subfield code="0">sdr-wu1074963</subfield><subfield code="a">wu</subfield><subfield code="b">SDR</subfield><subfield code="c">WU</subfield><subfield code="p">wu.89046396479</subfield><subfield code="s">WU</subfield><subfield code="z">714-719 1987</subfield><subfield code="1">1074963</subfield></datafield><datafield tag="974" ind1=" " ind2=" "><subfield code="b">WU</subfield><subfield code="c">WU</subfield><subfield code="d">20200729</subfield><subfield code="s">google</subfield><subfield code="u">wu.89046396479</subfield><subfield code="z">714-719 1987</subfield><subfield code="y">1987</subfield><subfield code="r">ic</subfield><subfield code="q">bib</subfield><subfield code="t">non-US serial item date &gt;= 1927</subfield></datafield><datafield tag="974" ind1=" " ind2=" "><subfield code="b">WU</subfield><subfield code="c">WU</subfield><subfield code="d">20200504</subfield><subfield code="s">google</subfield><subfield code="u">wu.89046396495</subfield><subfield code="z">720-728 1987</subfield><subfield code="y">1987</subfield><subfield code="r">ic</subfield><subfield code="q">bib</subfield><subfield code="t">non-US serial item date &gt;= 1927</subfield></datafield><datafield tag="974" ind1=" " ind2=" "><subfield code="b">WU</subfield><subfield code="c">WU</subfield><subfield code="d">20200729</subfield><subfield code="s">google</subfield><subfield code="u">wu.89046396511</subfield><subfield code="z">730-747 1987</subfield><subfield code="y">1987</subfield><subfield code="r">ic</subfield><subfield code="q">bib</subfield><subfield code="t">non-US serial item date &gt;= 1927</subfield></datafield><datafield tag="974" ind1=" " ind2=" "><subfield code="b">WU</subfield><subfield code="c">WU</subfield><subfield code="d">20200523</subfield><subfield code="s">google</subfield><subfield code="u">wu.89046396537</subfield><subfield code="z">748-749 1971</subfield><subfield code="y">1971</subfield><subfield code="r">ic</subfield><subfield code="q">bib</subfield><subfield code="t">non-US serial item date &gt;= 1927</subfield></datafield><datafield tag="974" ind1=" " ind2=" "><subfield code="b">WU</subfield><subfield code="c">WU</subfield><subfield code="d">20200523</subfield><subfield code="s">google</subfield><subfield code="u">wu.89046396347</subfield><subfield code="z">530-549 1983</subfield><subfield code="y">1983</subfield><subfield code="r">ic</subfield><subfield code="q">bib</subfield><subfield code="t">non-US serial item date &gt;= 1927</subfield></datafield><datafield tag="974" ind1=" " ind2=" "><subfield code="b">WU</subfield><subfield code="c">WU</subfield><subfield code="d">20200729</subfield><subfield code="s">google</subfield><subfield code="u">wu.89046396115</subfield><subfield code="z">340-349 1980</subfield><subfield code="y">1980</subfield><subfield code="r">ic</subfield><subfield code="q">bib</subfield><subfield code="t">non-US serial item date &gt;= 1927</subfield></datafield><datafield tag="974" ind1=" " ind2=" "><subfield code="b">WU</subfield><subfield code="c">WU</subfield><subfield code="d">20200729</subfield><subfield code="s">google</subfield><subfield code="u">wu.89046396255</subfield><subfield code="z">460-469 1981</subfield><subfield code="y">1981</subfield><subfield code="r">ic</subfield><subfield code="q">bib</subfield><subfield code="t">non-US serial item date &gt;= 1927</subfield></datafield><datafield tag="974" ind1=" " ind2=" "><subfield code="b">WU</subfield><subfield code="c">WU</subfield><subfield code="d">20200729</subfield><subfield code="s">google</subfield><subfield code="u">wu.89046396388</subfield><subfield code="z">551-569 1983</subfield><subfield code="y">1983</subfield><subfield code="r">ic</subfield><subfield code="q">bib</subfield><subfield code="t">non-US serial item date &gt;= 1927</subfield></datafield><datafield tag="974" ind1=" " ind2=" "><subfield code="b">WU</subfield><subfield code="c">WU</subfield><subfield code="d">20200523</subfield><subfield code="s">google</subfield><subfield code="u">wu.89046396404</subfield><subfield code="z">570-579 1984</subfield><subfield code="y">1984</subfield><subfield code="r">ic</subfield><subfield code="q">bib</subfield><subfield code="t">non-US serial item date &gt;= 1927</subfield></datafield><datafield tag="974" ind1=" " ind2=" "><subfield code="b">WU</subfield><subfield code="c">WU</subfield><subfield code="d">20200729</subfield><subfield code="s">google</subfield><subfield code="u">wu.89045765591</subfield><subfield code="z">580-589 1984</subfield><subfield code="y">1984</subfield><subfield code="r">ic</subfield><subfield code="q">bib</subfield><subfield code="t">non-US serial item date &gt;= 1927</subfield></datafield><datafield tag="974" ind1=" " ind2=" "><subfield code="b">WU</subfield><subfield code="c">WU</subfield><subfield code="d">20200729</subfield><subfield code="s">google</subfield><subfield code="u">wu.89046396420</subfield><subfield code="z">590-599 1984</subfield><subfield code="y">1984</subfield><subfield code="r">ic</subfield><subfield code="q">bib</subfield><subfield code="t">non-US serial item date &gt;= 1927</subfield></datafield><datafield tag="974" ind1=" " ind2=" "><subfield code="b">WU</subfield><subfield code="c">WU</subfield><subfield code="d">20200729</subfield><subfield code="s">google</subfield><subfield code="u">wu.89046396339</subfield><subfield code="z">601-609 1984</subfield><subfield code="y">1984</subfield><subfield code="r">ic</subfield><subfield code="q">bib</subfield><subfield code="t">non-US serial item date &gt;= 1927</subfield></datafield><datafield tag="974" ind1=" " ind2=" "><subfield code="b">WU</subfield><subfield code="c">WU</subfield><subfield code="d">20200729</subfield><subfield code="s">google</subfield><subfield code="u">wu.89046396354</subfield><subfield code="z">610-619 1984</subfield><subfield code="y">1984</subfield><subfield code="r">ic</subfield><subfield code="q">bib</subfield><subfield code="t">non-US serial item date &gt;= 1927</subfield></datafield><datafield tag="974" ind1=" " ind2=" "><subfield code="b">WU</subfield><subfield code="c">WU</subfield><subfield code="d">20200523</subfield><subfield code="s">google</subfield><subfield code="u">wu.89046396370</subfield><subfield code="z">620-639 1985</subfield><subfield code="y">1985</subfield><subfield code="r">ic</subfield><subfield code="q">bib</subfield><subfield code="t">non-US serial item date &gt;= 1927</subfield></datafield><datafield tag="974" ind1=" " ind2=" "><subfield code="b">WU</subfield><subfield code="c">WU</subfield><subfield code="d">20200729</subfield><subfield code="s">google</subfield><subfield code="u">wu.89046396396</subfield><subfield code="z">640-644 1985</subfield><subfield code="y">1985</subfield><subfield code="r">ic</subfield><subfield code="q">bib</subfield><subfield code="t">non-US serial item date &gt;= 1927</subfield></datafield><datafield tag="974" ind1=" " ind2=" "><subfield code="b">WU</subfield><subfield code="c">WU</subfield><subfield code="d">20200729</subfield><subfield code="s">google</subfield><subfield code="u">wu.89046396412</subfield><subfield code="z">645-649 1985</subfield><subfield code="y">1985</subfield><subfield code="r">ic</subfield><subfield code="q">bib</subfield><subfield code="t">non-US serial item date &gt;= 1927</subfield></datafield><datafield tag="974" ind1=" " ind2=" "><subfield code="b">WU</subfield><subfield code="c">WU</subfield><subfield code="d">20200225</subfield><subfield code="s">google</subfield><subfield code="u">wu.89046396438</subfield><subfield code="z">650-652 1985</subfield><subfield code="y">1985</subfield><subfield code="r">ic</subfield><subfield code="q">bib</subfield><subfield code="t">non-US serial item date &gt;= 1927</subfield></datafield><datafield tag="974" ind1=" " ind2=" "><subfield code="b">WU</subfield><subfield code="c">WU</subfield><subfield code="d">20200729</subfield><subfield code="s">google</subfield><subfield code="u">wu.89046396446</subfield><subfield code="z">653-659 1985</subfield><subfield code="y">1985</subfield><subfield code="r">ic</subfield><subfield code="q">bib</subfield><subfield code="t">non-US serial item date &gt;= 1927</subfield></datafield><datafield tag="974" ind1=" " ind2=" "><subfield code="b">WU</subfield><subfield code="c">WU</subfield><subfield code="d">20200523</subfield><subfield code="s">google</subfield><subfield code="u">wu.89046396529</subfield><subfield code="z">690-699 1986</subfield><subfield code="y">1986</subfield><subfield code="r">ic</subfield><subfield code="q">bib</subfield><subfield code="t">non-US serial item date &gt;= 1927</subfield></datafield><datafield tag="974" ind1=" " ind2=" "><subfield code="b">WU</subfield><subfield code="c">WU</subfield><subfield code="d">20200729</subfield><subfield code="s">google</subfield><subfield code="u">wu.89046396545</subfield><subfield code="z">700-709 1986</subfield><subfield code="y">1986</subfield><subfield code="r">ic</subfield><subfield code="q">bib</subfield><subfield code="t">non-US serial item date &gt;= 1927</subfield></datafield><datafield tag="974" ind1=" " ind2=" "><subfield code="b">WU</subfield><subfield code="c">WU</subfield><subfield code="d">20200729</subfield><subfield code="s">google</subfield><subfield code="u">wu.89046396453</subfield><subfield code="z">710-713 1986</subfield><subfield code="y">1986</subfield><subfield code="r">ic</subfield><subfield code="q">bib</subfield><subfield code="t">non-US serial item date &gt;= 1927</subfield></datafield><datafield tag="974" ind1=" " ind2=" "><subfield code="b">WU</subfield><subfield code="c">WU</subfield><subfield code="d">20200729</subfield><subfield code="s">google</subfield><subfield code="u">wu.89046396123</subfield><subfield code="z">300-309 1979</subfield><subfield code="y">1979</subfield><subfield code="r">ic</subfield><subfield code="q">bib</subfield><subfield code="t">non-US serial item date &gt;= 1927</subfield></datafield><datafield tag="974" ind1=" " ind2=" "><subfield code="b">WU</subfield><subfield code="c">WU</subfield><subfield code="d">20220424</subfield><subfield code="s">google</subfield><subfield code="u">wu.89046396149</subfield><subfield code="z">310-319 1979</subfield><subfield code="y">1979</subfield><subfield code="r">ic</subfield><subfield code="q">bib</subfield><subfield code="t">non-US serial item date &gt;= 1927</subfield></datafield><datafield tag="974" ind1=" " ind2=" "><subfield code="b">WU</subfield><subfield code="c">WU</subfield><subfield code="d">20200729</subfield><subfield code="s">google</subfield><subfield code="u">wu.89046396313</subfield><subfield code="z">500-509 1983</subfield><subfield code="y">1983</subfield><subfield code="r">ic</subfield><subfield code="q">bib</subfield><subfield code="t">non-US serial item date &gt;= 1927</subfield></datafield><datafield tag="974" ind1=" " ind2=" "><subfield code="b">WU</subfield><subfield code="c">WU</subfield><subfield code="d">20200523</subfield><subfield code="s">google</subfield><subfield code="u">wu.89046396321</subfield><subfield code="z">510-529 1983</subfield><subfield code="y">1983</subfield><subfield code="r">ic</subfield><subfield code="q">bib</subfield><subfield code="t">non-US serial item date &gt;= 1927</subfield></datafield><datafield tag="974" ind1=" " ind2=" "><subfield code="b">WU</subfield><subfield code="c">WU</subfield><subfield code="d">20200523</subfield><subfield code="s">google</subfield><subfield code="u">wu.89046396461</subfield><subfield code="z">660-669 1985</subfield><subfield code="y">1985</subfield><subfield code="r">ic</subfield><subfield code="q">bib</subfield><subfield code="t">non-US serial item date &gt;= 1927</subfield></datafield><datafield tag="974" ind1=" " ind2=" "><subfield code="b">WU</subfield><subfield code="c">WU</subfield><subfield code="d">20200729</subfield><subfield code="s">google</subfield><subfield code="u">wu.89046396503</subfield><subfield code="z">680-689 1986</subfield><subfield code="y">1986</subfield><subfield code="r">ic</subfield><subfield code="q">bib</subfield><subfield code="t">non-US serial item date &gt;= 1927</subfield></datafield><datafield tag="974" ind1=" " ind2=" "><subfield code="b">WU</subfield><subfield code="c">WU</subfield><subfield code="d">20200729</subfield><subfield code="s">google</subfield><subfield code="u">wu.89046396164</subfield><subfield code="z">320-329 1979</subfield><subfield code="y">1979</subfield><subfield code="r">ic</subfield><subfield code="q">bib</subfield><subfield code="t">non-US serial item date &gt;= 1927</subfield></datafield><datafield tag="974" ind1=" " ind2=" "><subfield code="b">WU</subfield><subfield code="c">WU</subfield><subfield code="d">20200729</subfield><subfield code="s">google</subfield><subfield code="u">wu.89046396099</subfield><subfield code="z">331-339 1979</subfield><subfield code="y">1979</subfield><subfield code="r">ic</subfield><subfield code="q">bib</subfield><subfield code="t">non-US serial item date &gt;= 1927</subfield></datafield><datafield tag="974" ind1=" " ind2=" "><subfield code="b">WU</subfield><subfield code="c">WU</subfield><subfield code="d">20220424</subfield><subfield code="s">google</subfield><subfield code="u">wu.89046396131</subfield><subfield code="z">350-356 1980</subfield><subfield code="y">1980</subfield><subfield code="r">ic</subfield><subfield code="q">bib</subfield><subfield code="t">non-US serial item date &gt;= 1927</subfield></datafield><datafield tag="974" ind1=" " ind2=" "><subfield code="b">WU</subfield><subfield code="c">WU</subfield><subfield code="d">20200729</subfield><subfield code="s">google</subfield><subfield code="u">wu.89046396156</subfield><subfield code="z">357-369 1980</subfield><subfield code="y">1980</subfield><subfield code="r">ic</subfield><subfield code="q">bib</subfield><subfield code="t">non-US serial item date &gt;= 1927</subfield></datafield><datafield tag="974" ind1=" " ind2=" "><subfield code="b">WU</subfield><subfield code="c">WU</subfield><subfield code="d">20201020</subfield><subfield code="s">google</subfield><subfield code="u">wu.89046396172</subfield><subfield code="z">370-389</subfield><subfield code="r">und</subfield><subfield code="q">bib</subfield><subfield code="t">no date</subfield></datafield><datafield tag="974" ind1=" " ind2=" "><subfield code="b">WU</subfield><subfield code="c">WU</subfield><subfield code="d">20200729</subfield><subfield code="s">google</subfield><subfield code="u">wu.89046396198</subfield><subfield code="z">390-399 1980</subfield><subfield code="y">1980</subfield><subfield code="r">ic</subfield><subfield code="q">bib</subfield><subfield code="t">non-US serial item date &gt;= 1927</subfield></datafield><datafield tag="974" ind1=" " ind2=" "><subfield code="b">WU</subfield><subfield code="c">WU</subfield><subfield code="d">20200729</subfield><subfield code="s">google</subfield><subfield code="u">wu.89046396222</subfield><subfield code="z">401-409 1981</subfield><subfield code="y">1981</subfield><subfield code="r">ic</subfield><subfield code="q">bib</subfield><subfield code="t">non-US serial item date &gt;= 1927</subfield></datafield><datafield tag="974" ind1=" " ind2=" "><subfield code="b">WU</subfield><subfield code="c">WU</subfield><subfield code="d">20200729</subfield><subfield code="s">google</subfield><subfield code="u">wu.89046396248</subfield><subfield code="z">410-419 1981</subfield><subfield code="y">1981</subfield><subfield code="r">ic</subfield><subfield code="q">bib</subfield><subfield code="t">non-US serial item date &gt;= 1927</subfield></datafield><datafield tag="974" ind1=" " ind2=" "><subfield code="b">WU</subfield><subfield code="c">WU</subfield><subfield code="d">20200729</subfield><subfield code="s">google</subfield><subfield code="u">wu.89046396263</subfield><subfield code="z">420-429 1981</subfield><subfield code="y">1981</subfield><subfield code="r">ic</subfield><subfield code="q">bib</subfield><subfield code="t">non-US serial item date &gt;= 1927</subfield></datafield><datafield tag="974" ind1=" " ind2=" "><subfield code="b">WU</subfield><subfield code="c">WU</subfield><subfield code="d">20200729</subfield><subfield code="s">google</subfield><subfield code="u">wu.89046396289</subfield><subfield code="z">430-439 1981</subfield><subfield code="y">1981</subfield><subfield code="r">ic</subfield><subfield code="q">bib</subfield><subfield code="t">non-US serial item date &gt;= 1927</subfield></datafield><datafield tag="974" ind1=" " ind2=" "><subfield code="b">WU</subfield><subfield code="c">WU</subfield><subfield code="d">20200729</subfield><subfield code="s">google</subfield><subfield code="u">wu.89046396305</subfield><subfield code="z">440-449 1981</subfield><subfield code="y">1981</subfield><subfield code="r">ic</subfield><subfield code="q">bib</subfield><subfield code="t">non-US serial item date &gt;= 1927</subfield></datafield><datafield tag="974" ind1=" " ind2=" "><subfield code="b">WU</subfield><subfield code="c">WU</subfield><subfield code="d">20220319</subfield><subfield code="s">google</subfield><subfield code="u">wu.89046396230</subfield><subfield code="z">451-459 1982</subfield><subfield code="y">1982</subfield><subfield code="r">ic</subfield><subfield code="q">bib</subfield><subfield code="t">non-US serial item date &gt;= 1927</subfield></datafield><datafield tag="974" ind1=" " ind2=" "><subfield code="b">WU</subfield><subfield code="c">WU</subfield><subfield code="d">20200729</subfield><subfield code="s">google</subfield><subfield code="u">wu.89046396271</subfield><subfield code="z">470-489 1982</subfield><subfield code="y">1982</subfield><subfield code="r">ic</subfield><subfield code="q">bib</subfield><subfield code="t">non-US serial item date &gt;= 1927</subfield></datafield><datafield tag="974" ind1=" " ind2=" "><subfield code="b">WU</subfield><subfield code="c">WU</subfield><subfield code="d">20200729</subfield><subfield code="s">google</subfield><subfield code="u">wu.89046396297</subfield><subfield code="z">490-499 1982</subfield><subfield code="y">1982</subfield><subfield code="r">ic</subfield><subfield code="q">bib</subfield><subfield code="t">non-US serial item date &gt;= 1927</subfield></datafield><datafield tag="974" ind1=" " ind2=" "><subfield code="b">WU</subfield><subfield code="c">WU</subfield><subfield code="d">20200729</subfield><subfield code="s">google</subfield><subfield code="u">wu.89046395901</subfield><subfield code="z">92 revised 1977</subfield><subfield code="y">1977</subfield><subfield code="r">ic</subfield><subfield code="q">bib</subfield><subfield code="t">non-US serial item date &gt;= 1927</subfield></datafield><datafield tag="974" ind1=" " ind2=" "><subfield code="b">WU</subfield><subfield code="c">WU</subfield><subfield code="d">20200729</subfield><subfield code="s">google</subfield><subfield code="u">wu.89046396024</subfield><subfield code="z">240-259 1978</subfield><subfield code="y">1978</subfield><subfield code="r">ic</subfield><subfield code="q">bib</subfield><subfield code="t">non-US serial item date &gt;= 1927</subfield></datafield><datafield tag="974" ind1=" " ind2=" "><subfield code="b">WU</subfield><subfield code="c">WU</subfield><subfield code="d">20200729</subfield><subfield code="s">google</subfield><subfield code="u">wu.89046395950</subfield><subfield code="z">151-159 1975</subfield><subfield code="y">1975</subfield><subfield code="r">ic</subfield><subfield code="q">bib</subfield><subfield code="t">non-US serial item date &gt;= 1927</subfield></datafield><datafield tag="974" ind1=" " ind2=" "><subfield code="b">WU</subfield><subfield code="c">WU</subfield><subfield code="d">20200729</subfield><subfield code="s">google</subfield><subfield code="u">wu.89046395968</subfield><subfield code="z">210-219 1977</subfield><subfield code="y">1977</subfield><subfield code="r">ic</subfield><subfield code="q">bib</subfield><subfield code="t">non-US serial item date &gt;= 1927</subfield></datafield><datafield tag="974" ind1=" " ind2=" "><subfield code="b">WU</subfield><subfield code="c">WU</subfield><subfield code="d">20200729</subfield><subfield code="s">google</subfield><subfield code="u">wu.89046395976</subfield><subfield code="z">160-170 1976</subfield><subfield code="y">1976</subfield><subfield code="r">ic</subfield><subfield code="q">bib</subfield><subfield code="t">non-US serial item date &gt;= 1927</subfield></datafield><datafield tag="974" ind1=" " ind2=" "><subfield code="b">WU</subfield><subfield code="c">WU</subfield><subfield code="d">20200523</subfield><subfield code="s">google</subfield><subfield code="u">wu.89046395992</subfield><subfield code="z">171-181 1976</subfield><subfield code="y">1976</subfield><subfield code="r">ic</subfield><subfield code="q">bib</subfield><subfield code="t">non-US serial item date &gt;= 1927</subfield></datafield><datafield tag="974" ind1=" " ind2=" "><subfield code="b">WU</subfield><subfield code="c">WU</subfield><subfield code="d">20200729</subfield><subfield code="s">google</subfield><subfield code="u">wu.89046396016</subfield><subfield code="z">182-189 1971</subfield><subfield code="y">1971</subfield><subfield code="r">ic</subfield><subfield code="q">bib</subfield><subfield code="t">non-US serial item date &gt;= 1927</subfield></datafield><datafield tag="974" ind1=" " ind2=" "><subfield code="b">WU</subfield><subfield code="c">WU</subfield><subfield code="d">20200730</subfield><subfield code="s">google</subfield><subfield code="u">wu.89046396073</subfield><subfield code="z">192-199 1977</subfield><subfield code="y">1977</subfield><subfield code="r">ic</subfield><subfield code="q">bib</subfield><subfield code="t">non-US serial item date &gt;= 1927</subfield></datafield><datafield tag="974" ind1=" " ind2=" "><subfield code="b">WU</subfield><subfield code="c">WU</subfield><subfield code="d">20200729</subfield><subfield code="s">google</subfield><subfield code="u">wu.89094998382</subfield><subfield code="z">200-209 1977</subfield><subfield code="y">1977</subfield><subfield code="r">ic</subfield><subfield code="q">bib</subfield><subfield code="t">non-US serial item date &gt;= 1927</subfield></datafield><datafield tag="974" ind1=" " ind2=" "><subfield code="b">WU</subfield><subfield code="c">WU</subfield><subfield code="d">20200729</subfield><subfield code="s">google</subfield><subfield code="u">wu.89046395984</subfield><subfield code="z">220A-229 1971</subfield><subfield code="y">1971</subfield><subfield code="r">ic</subfield><subfield code="q">bib</subfield><subfield code="t">non-US serial item date &gt;= 1927</subfield></datafield><datafield tag="974" ind1=" " ind2=" "><subfield code="b">WU</subfield><subfield code="c">WU</subfield><subfield code="d">20200729</subfield><subfield code="s">google</subfield><subfield code="u">wu.89046396008</subfield><subfield code="z">230-239 1978</subfield><subfield code="y">1978</subfield><subfield code="r">ic</subfield><subfield code="q">bib</subfield><subfield code="t">non-US serial item date &gt;= 1927</subfield></datafield><datafield tag="974" ind1=" " ind2=" "><subfield code="b">WU</subfield><subfield code="c">WU</subfield><subfield code="d">20201016</subfield><subfield code="s">google</subfield><subfield code="u">wu.89046396040</subfield><subfield code="z">260-269 1978</subfield><subfield code="y">1978</subfield><subfield code="r">ic</subfield><subfield code="q">bib</subfield><subfield code="t">non-US serial item date &gt;= 1927</subfield></datafield><datafield tag="974" ind1=" " ind2=" "><subfield code="b">WU</subfield><subfield code="c">WU</subfield><subfield code="d">20201207</subfield><subfield code="s">google</subfield><subfield code="u">wu.89046396081</subfield><subfield code="z">271-279 1978</subfield><subfield code="y">1978</subfield><subfield code="r">ic</subfield><subfield code="q">bib</subfield><subfield code="t">non-US serial item date &gt;= 1927</subfield></datafield><datafield tag="974" ind1=" " ind2=" "><subfield code="b">WU</subfield><subfield code="c">WU</subfield><subfield code="d">20200523</subfield><subfield code="s">google</subfield><subfield code="u">wu.89046396107</subfield><subfield code="z">280-289 1979</subfield><subfield code="y">1979</subfield><subfield code="r">ic</subfield><subfield code="q">bib</subfield><subfield code="t">non-US serial item date &gt;= 1927</subfield></datafield><datafield tag="974" ind1=" " ind2=" "><subfield code="b">WU</subfield><subfield code="c">WU</subfield><subfield code="d">20200729</subfield><subfield code="s">google</subfield><subfield code="u">wu.89046396560</subfield><subfield code="z">750-756 1987</subfield><subfield code="y">1987</subfield><subfield code="r">ic</subfield><subfield code="q">bib</subfield><subfield code="t">non-US serial item date &gt;= 1927</subfield></datafield><datafield tag="974" ind1=" " ind2=" "><subfield code="b">WU</subfield><subfield code="c">WU</subfield><subfield code="d">20200725</subfield><subfield code="s">google</subfield><subfield code="u">wu.89046396628</subfield><subfield code="z">772-784 1989</subfield><subfield code="y">1989</subfield><subfield code="r">ic</subfield><subfield code="q">bib</subfield><subfield code="t">non-US serial item date &gt;= 1927</subfield></datafield><datafield tag="974" ind1=" " ind2=" "><subfield code="b">WU</subfield><subfield code="c">WU</subfield><subfield code="d">20200729</subfield><subfield code="s">google</subfield><subfield code="u">wu.89046396602</subfield><subfield code="z">757-769 1988</subfield><subfield code="y">1988</subfield><subfield code="r">ic</subfield><subfield code="q">bib</subfield><subfield code="t">non-US serial item date &gt;= 1927</subfield></datafield><datafield tag="974" ind1=" " ind2=" "><subfield code="b">WU</subfield><subfield code="c">WU</subfield><subfield code="d">20200729</subfield><subfield code="s">google</subfield><subfield code="u">wu.89046396578</subfield><subfield code="z">793-799 1989</subfield><subfield code="y">1989</subfield><subfield code="r">ic</subfield><subfield code="q">bib</subfield><subfield code="t">non-US serial item date &gt;= 1927</subfield></datafield><datafield tag="974" ind1=" " ind2=" "><subfield code="b">WU</subfield><subfield code="c">WU</subfield><subfield code="d">20200729</subfield><subfield code="s">google</subfield><subfield code="u">wu.89046396594</subfield><subfield code="z">801-820 1989</subfield><subfield code="y">1989</subfield><subfield code="r">ic</subfield><subfield code="q">bib</subfield><subfield code="t">non-US serial item date &gt;= 1927</subfield></datafield><datafield tag="974" ind1=" " ind2=" "><subfield code="b">WU</subfield><subfield code="c">WU</subfield><subfield code="d">20200729</subfield><subfield code="s">google</subfield><subfield code="u">wu.89046396610</subfield><subfield code="z">823-830 1989</subfield><subfield code="y">1989</subfield><subfield code="r">ic</subfield><subfield code="q">bib</subfield><subfield code="t">non-US serial item date &gt;= 1927</subfield></datafield><datafield tag="974" ind1=" " ind2=" "><subfield code="b">WU</subfield><subfield code="c">WU</subfield><subfield code="d">20200913</subfield><subfield code="s">google</subfield><subfield code="u">wu.89050353911</subfield><subfield code="z">831-843 1990</subfield><subfield code="y">1990</subfield><subfield code="r">ic</subfield><subfield code="q">bib</subfield><subfield code="t">non-US serial item date &gt;= 1927</subfield></datafield><datafield tag="974" ind1=" " ind2=" "><subfield code="b">WU</subfield><subfield code="c">WU</subfield><subfield code="d">20200729</subfield><subfield code="s">google</subfield><subfield code="u">wu.89046396636</subfield><subfield code="z">844-849 1990</subfield><subfield code="y">1990</subfield><subfield code="r">ic</subfield><subfield code="q">bib</subfield><subfield code="t">non-US serial item date &gt;= 1927</subfield></datafield><datafield tag="974" ind1=" " ind2=" "><subfield code="b">WU</subfield><subfield code="c">WU</subfield><subfield code="d">20200729</subfield><subfield code="s">google</subfield><subfield code="u">wu.89046396677</subfield><subfield code="z">851-856 1991</subfield><subfield code="y">1991</subfield><subfield code="r">ic</subfield><subfield code="q">bib</subfield><subfield code="t">non-US serial item date &gt;= 1927</subfield></datafield><datafield tag="974" ind1=" " ind2=" "><subfield code="b">WU</subfield><subfield code="c">WU</subfield><subfield code="d">20200729</subfield><subfield code="s">google</subfield><subfield code="u">wu.89046396685</subfield><subfield code="z">858-873 1991</subfield><subfield code="y">1991</subfield><subfield code="r">ic</subfield><subfield code="q">bib</subfield><subfield code="t">non-US serial item date &gt;= 1927</subfield></datafield><datafield tag="974" ind1=" " ind2=" "><subfield code="b">WU</subfield><subfield code="c">WU</subfield><subfield code="d">20200504</subfield><subfield code="s">google</subfield><subfield code="u">wu.89046396701</subfield><subfield code="z">874-890 1992</subfield><subfield code="y">1992</subfield><subfield code="r">ic</subfield><subfield code="q">bib</subfield><subfield code="t">non-US serial item date &gt;= 1927</subfield></datafield><datafield tag="974" ind1=" " ind2=" "><subfield code="b">WU</subfield><subfield code="c">WU</subfield><subfield code="d">20200504</subfield><subfield code="s">google</subfield><subfield code="u">wu.89046396727</subfield><subfield code="z">891-910 1971</subfield><subfield code="y">1971</subfield><subfield code="r">ic</subfield><subfield code="q">bib</subfield><subfield code="t">non-US serial item date &gt;= 1927</subfield></datafield><datafield tag="974" ind1=" " ind2=" "><subfield code="b">WU</subfield><subfield code="c">WU</subfield><subfield code="d">20200729</subfield><subfield code="s">google</subfield><subfield code="u">wu.89049586084</subfield><subfield code="z">920-934 1993</subfield><subfield code="y">1993</subfield><subfield code="r">ic</subfield><subfield code="q">bib</subfield><subfield code="t">non-US serial item date &gt;= 1927</subfield></datafield><datafield tag="974" ind1=" " ind2=" "><subfield code="b">WU</subfield><subfield code="c">WU</subfield><subfield code="d">20200729</subfield><subfield code="s">google</subfield><subfield code="u">wu.89049586100</subfield><subfield code="z">935-943 1993</subfield><subfield code="y">1993</subfield><subfield code="r">ic</subfield><subfield code="q">bib</subfield><subfield code="t">non-US serial item date &gt;= 1927</subfield></datafield><datafield tag="974" ind1=" " ind2=" "><subfield code="b">WU</subfield><subfield code="c">WU</subfield><subfield code="d">20220424</subfield><subfield code="s">google</subfield><subfield code="u">wu.89051378560</subfield><subfield code="z">944-950 1994</subfield><subfield code="y">1994</subfield><subfield code="r">ic</subfield><subfield code="q">bib</subfield><subfield code="t">non-US serial item date &gt;= 1927</subfield></datafield><datafield tag="974" ind1=" " ind2=" "><subfield code="b">WU</subfield><subfield code="c">WU</subfield><subfield code="d">20200729</subfield><subfield code="s">google</subfield><subfield code="u">wu.89051378586</subfield><subfield code="z">951-969 1994</subfield><subfield code="y">1994</subfield><subfield code="r">ic</subfield><subfield code="q">bib</subfield><subfield code="t">non-US serial item date &gt;= 1927</subfield></datafield><datafield tag="974" ind1=" " ind2=" "><subfield code="b">WU</subfield><subfield code="c">WU</subfield><subfield code="d">20200729</subfield><subfield code="s">google</subfield><subfield code="u">wu.89057327389</subfield><subfield code="z">970-980 1994</subfield><subfield code="y">1994</subfield><subfield code="r">ic</subfield><subfield code="q">bib</subfield><subfield code="t">non-US serial item date &gt;= 1927</subfield></datafield><datafield tag="974" ind1=" " ind2=" "><subfield code="b">WU</subfield><subfield code="c">WU</subfield><subfield code="d">20200729</subfield><subfield code="s">google</subfield><subfield code="u">wu.89064381924</subfield><subfield code="z">981-990 1995</subfield><subfield code="y">1995</subfield><subfield code="r">ic</subfield><subfield code="q">bib</subfield><subfield code="t">non-US serial item date &gt;= 1927</subfield></datafield><datafield tag="974" ind1=" " ind2=" "><subfield code="b">WU</subfield><subfield code="c">WU</subfield><subfield code="d">20200730</subfield><subfield code="s">google</subfield><subfield code="u">wu.89064381890</subfield><subfield code="z">1034-1043</subfield><subfield code="r">und</subfield><subfield code="q">bib</subfield><subfield code="t">no date</subfield></datafield><datafield tag="974" ind1=" " ind2=" "><subfield code="b">WU</subfield><subfield code="c">WU</subfield><subfield code="d">20200729</subfield><subfield code="s">google</subfield><subfield code="u">wu.89064381908</subfield><subfield code="z">1044-1050</subfield><subfield code="r">und</subfield><subfield code="q">bib</subfield><subfield code="t">no date</subfield></datafield><datafield tag="974" ind1=" " ind2=" "><subfield code="b">WU</subfield><subfield code="c">WU</subfield><subfield code="d">20200729</subfield><subfield code="s">google</subfield><subfield code="u">wu.89064381932</subfield><subfield code="z">1051-1059</subfield><subfield code="r">und</subfield><subfield code="q">bib</subfield><subfield code="t">no date</subfield></datafield><datafield tag="974" ind1=" " ind2=" "><subfield code="b">WU</subfield><subfield code="c">WU</subfield><subfield code="d">20200729</subfield><subfield code="s">google</subfield><subfield code="u">wu.89064381882</subfield><subfield code="z">1067-1074</subfield><subfield code="r">und</subfield><subfield code="q">bib</subfield><subfield code="t">no date</subfield></datafield><datafield tag="974" ind1=" " ind2=" "><subfield code="b">WU</subfield><subfield code="c">WU</subfield><subfield code="d">20201002</subfield><subfield code="s">google</subfield><subfield code="u">wu.89064381916</subfield><subfield code="z">1075-1088</subfield><subfield code="r">und</subfield><subfield code="q">bib</subfield><subfield code="t">no date</subfield></datafield><datafield tag="974" ind1=" " ind2=" "><subfield code="b">WU</subfield><subfield code="c">WU</subfield><subfield code="d">20200730</subfield><subfield code="s">google</subfield><subfield code="u">wu.89064381940</subfield><subfield code="z">991-999 1995</subfield><subfield code="y">1995</subfield><subfield code="r">ic</subfield><subfield code="q">bib</subfield><subfield code="t">non-US serial item date &gt;= 1927</subfield></datafield><datafield tag="974" ind1=" " ind2=" "><subfield code="b">WU</subfield><subfield code="c">WU</subfield><subfield code="d">20200729</subfield><subfield code="s">google</subfield><subfield code="u">wu.89057327363</subfield><subfield code="z">1001-1009</subfield><subfield code="r">und</subfield><subfield code="q">bib</subfield><subfield code="t">no date</subfield></datafield><datafield tag="974" ind1=" " ind2=" "><subfield code="b">WU</subfield><subfield code="c">WU</subfield><subfield code="d">20200523</subfield><subfield code="s">google</subfield><subfield code="u">wu.89057327322</subfield><subfield code="z">1031-1033</subfield><subfield code="r">und</subfield><subfield code="q">bib</subfield><subfield code="t">no date</subfield></datafield><datafield tag="974" ind1=" " ind2=" "><subfield code="b">WU</subfield><subfield code="c">WU</subfield><subfield code="d">20200730</subfield><subfield code="s">google</subfield><subfield code="u">wu.89046395810</subfield><subfield code="z">68:1:1:2 1971</subfield><subfield code="y">1971</subfield><subfield code="r">ic</subfield><subfield code="q">bib</subfield><subfield code="t">non-US serial item date &gt;= 1927</subfield></datafield><datafield tag="974" ind1=" " ind2=" "><subfield code="b">WU</subfield><subfield code="c">WU</subfield><subfield code="d">20200523</subfield><subfield code="s">google</subfield><subfield code="u">wu.89046395836</subfield><subfield code="z">68:1:2:2 1971</subfield><subfield code="y">1971</subfield><subfield code="r">ic</subfield><subfield code="q">bib</subfield><subfield code="t">non-US serial item date &gt;= 1927</subfield></datafield><datafield tag="974" ind1=" " ind2=" "><subfield code="b">WU</subfield><subfield code="c">WU</subfield><subfield code="d">20200730</subfield><subfield code="s">google</subfield><subfield code="u">wu.89046395778</subfield><subfield code="z">68:1:1 1971</subfield><subfield code="y">1971</subfield><subfield code="r">ic</subfield><subfield code="q">bib</subfield><subfield code="t">non-US serial item date &gt;= 1927</subfield></datafield><datafield tag="974" ind1=" " ind2=" "><subfield code="b">WU</subfield><subfield code="c">WU</subfield><subfield code="d">20200913</subfield><subfield code="s">google</subfield><subfield code="u">wu.89046395794</subfield><subfield code="z">68:1:2 1971</subfield><subfield code="y">1971</subfield><subfield code="r">ic</subfield><subfield code="q">bib</subfield><subfield code="t">non-US serial item date &gt;= 1927</subfield></datafield><datafield tag="974" ind1=" " ind2=" "><subfield code="b">WU</subfield><subfield code="c">WU</subfield><subfield code="d">20200730</subfield><subfield code="s">google</subfield><subfield code="u">wu.89046395844</subfield><subfield code="z">68:2 1971</subfield><subfield code="y">1971</subfield><subfield code="r">ic</subfield><subfield code="q">bib</subfield><subfield code="t">non-US serial item date &gt;= 1927</subfield></datafield><datafield tag="974" ind1=" " ind2=" "><subfield code="b">WU</subfield><subfield code="c">WU</subfield><subfield code="d">20200523</subfield><subfield code="s">google</subfield><subfield code="u">wu.89046395869</subfield><subfield code="z">69-80 1973</subfield><subfield code="y">1973</subfield><subfield code="r">ic</subfield><subfield code="q">bib</subfield><subfield code="t">non-US serial item date &gt;= 1927</subfield></datafield><datafield tag="974" ind1=" " ind2=" "><subfield code="b">WU</subfield><subfield code="c">WU</subfield><subfield code="d">20201002</subfield><subfield code="s">google</subfield><subfield code="u">wu.89046395943</subfield><subfield code="z">112:1</subfield><subfield code="r">und</subfield><subfield code="q">bib</subfield><subfield code="t">no date</subfield></datafield><datafield tag="974" ind1=" " ind2=" "><subfield code="b">WU</subfield><subfield code="c">WU</subfield><subfield code="d">20200725</subfield><subfield code="s">google</subfield><subfield code="u">wu.89095020855</subfield><subfield code="z">1060-1066</subfield><subfield code="r">und</subfield><subfield code="q">bib</subfield><subfield code="t">no date</subfield></datafield><datafield tag="974" ind1=" " ind2=" "><subfield code="b">WU</subfield><subfield code="c">WU</subfield><subfield code="d">20200725</subfield><subfield code="s">google</subfield><subfield code="u">wu.89095020822</subfield><subfield code="z">1089-1099</subfield><subfield code="r">und</subfield><subfield code="q">bib</subfield><subfield code="t">no date</subfield></datafield><datafield tag="974" ind1=" " ind2=" "><subfield code="b">WU</subfield><subfield code="c">WU</subfield><subfield code="d">20200421</subfield><subfield code="s">google</subfield><subfield code="u">wu.89095021259</subfield><subfield code="z">1100-1116</subfield><subfield code="r">und</subfield><subfield code="q">bib</subfield><subfield code="t">no date</subfield></datafield><datafield tag="974" ind1=" " ind2=" "><subfield code="b">WU</subfield><subfield code="c">WU</subfield><subfield code="d">20200725</subfield><subfield code="s">google</subfield><subfield code="u">wu.89095021226</subfield><subfield code="z">1120-1129</subfield><subfield code="r">und</subfield><subfield code="q">bib</subfield><subfield code="t">no date</subfield></datafield><datafield tag="974" ind1=" " ind2=" "><subfield code="b">WU</subfield><subfield code="c">WU</subfield><subfield code="d">20201002</subfield><subfield code="s">google</subfield><subfield code="u">wu.89095021192</subfield><subfield code="z">1130-1139</subfield><subfield code="r">und</subfield><subfield code="q">bib</subfield><subfield code="t">no date</subfield></datafield><datafield tag="974" ind1=" " ind2=" "><subfield code="b">WU</subfield><subfield code="c">WU</subfield><subfield code="d">20200725</subfield><subfield code="s">google</subfield><subfield code="u">wu.89095021168</subfield><subfield code="z">1140-1149</subfield><subfield code="r">und</subfield><subfield code="q">bib</subfield><subfield code="t">no date</subfield></datafield><datafield tag="974" ind1=" " ind2=" "><subfield code="b">WU</subfield><subfield code="c">WU</subfield><subfield code="d">20220424</subfield><subfield code="s">google</subfield><subfield code="u">wu.89095021135</subfield><subfield code="z">1150-1166</subfield><subfield code="r">und</subfield><subfield code="q">bib</subfield><subfield code="t">no date</subfield></datafield></record>